<?xml version="1.0" encoding="UTF-8"?><collection xmlns="http://www.loc.gov/MARC21/slim"><record><leader>00418nam--2200169-i-4500</leader><controlfield tag="001">000024845</controlfield><controlfield tag="002">20161230</controlfield><controlfield tag="005">20170107161310</controlfield><controlfield tag="008">060222s1000------------r-----000-0-ger-d</controlfield><datafield ind1=" " ind2=" " tag="041"><subfield code="a">ger</subfield><subfield code="b">IFIN-HH</subfield></datafield><datafield ind1=" " ind2=" " tag="080"><subfield code="a">517.956.224</subfield></datafield><datafield ind1="1" ind2=" " tag="100"><subfield code="a">Gomb©Łs, P©Łl</subfield></datafield><datafield ind1="1" ind2="0" tag="245"><subfield code="a">Pseudopotentiale</subfield><subfield code="c">P. Gomb©Łs</subfield></datafield><datafield ind1=" " ind2=" " tag="260"><subfield code="a">Wien</subfield><subfield code="b">Springer-Verlag</subfield><subfield code="c">1967</subfield></datafield><datafield ind1=" " ind2=" " tag="300"><subfield code="a">VII + 136 p</subfield></datafield><datafield ind1=" " ind2=" " tag="852"><subfield code="a">27691</subfield><subfield code="c">531</subfield></datafield><datafield ind1=" " ind2=" " tag="CAT"><subfield code="a">SYS</subfield><subfield code="c">20170107</subfield><subfield code="h">161310</subfield></datafield></record></collection>